@article{Goenka,
	title = {S{I}{R} economic epidemiological models with disease induced mortality},
	author = {Aditya Goenka and Lin Liu and Manh-Hung Nguyen},
	journal = {Journal of Mathematical Economics},
	volume = {93},
	year = {2021}
}

@article{Eichenbaum,
	title = {The {M}acroeconomics of {E}pidemics},
	author = {Martin S. Eichenbaum and Sergio Rebelo and Mathias Trabandt and Ralph Koijen},
	journal = {The Review of Financial Studies},
	volume = {34},
	number = {11},
	year = {2021},
	pages = {5149-5187}
}

@article{Acemoglu,
	title = {A multi-risk {S}{I}{R} model with optimally targeted lockdown},
	author = {Daron Acemoglu and Victor Chernozhukov and Iv´an Werning and Michael D. Whinston},
	journal = {Technical Report},
	year = {2020}
}

@article{Boranbaev,
	title = {Nonlinear input output balance and {Y}oung duality: analysis of {C}ovid-19 macroecomonic impact on {K}azakhstan},
	author = {A.~Boranbayev and N.~Obrosova and A.~Shananin},
	journal = {Siberian Electronic Mathematical Reports},
	volume = {16},
	year = {2022},
	pages = {144-160}
}

@article{Bonfiglio,
	title = {On the Parameterization of Techniques for Representing Regional Economic Structures},
	author = {Bonfiglio~A.},
	journal = {Economic System Research},
	volume = {212},
	year = {2009},
	pages = {115-127}

}

@book{Leontief,
	title = {Экономические эссе},
	author = {Леонтьев~В.~В.},
	year = {1990},
	publisher = {Политиздат}
}

@article{RassShan,
	title = {Обратные задачи анализа межотраслевых балансов},
	author = {Россоха~А.~В. и Шананин~А.~А},
	journal = {Матем. моделировани},
	volume = {33},
	number = {3},
	year = {2021},
	pages = {39 - 58}
}
@article{Kogan,
	title = {Межотраслевой анализ экономики Новосибирской области},
	author = {Коган~А.~Б.},
	journal = {Вестник НГУЭУ},
	number = {1},
	year = {2015},
	pages = {238-253}
}

@article{Kotova,
	title = {Оценка внешнеторговых эффектов в экономике Хабаровского края на основе использования таблиц <<затраты–выпуск>> },
	author = {Котова~Т.~Е.},
	journal = {Пространственная экономика},
	number = {1},
	year = {2012},
	pages = {43–68}
}

@article{Flegg,
	title = {On the Appropriate Use of Location Quotients in Generating Regional Input–Output Tables},
	author = {A.~T.~Flegg and C.~D.~Webber and M.~V.~Elliott},
	journal = {Regional Studies},
	volume = {29},
	number = {6},
	year = {1995},
	publisher = {Routledge},
	pages = {547-561}
}

@article{Kronenberg,
	title = {Regional input-output models and the treatment of imports in the {E}uropean {S}ystem of {A}ccounts ({E}{S}{A})},
	author = {Kronenberg~T.},
	journal = {Jahrbuch für Regionalwissenschaft},
	volume = {32},
	year = {2012},
	pages = {175-191}
}

@article{PonomEvdok,
	title = {Построение усеченных таблиц <<Затраты-Выпуск>> для регионов России с использованием коэффициентов локализации},
	author = {Пономарев~Ю.~Ю. и Евдокимов~Д.~Ю.},
	journal = {Проблемы прогнозирования},
	number = {6},
	year = {2021}
}

@article{AkimovaCourse,
	title = {Курсовая работа на тему <<Использование межотраслевого баланса для решения современных проблем межотраслевых связей>>},
	author = {Акимова~Е.~Д.},
	year = {2022}
}

@misc{RosstatZV,
	title = {Таблицы <<затраты-выпуск>>},
	year = {2016},
	howpublished = {\url{https://rosstat.gov.ru/statistics/accounts}},
	note = {Актуально на 20.11.2022}
}

@misc{RosstatTRI,
	title = {Таблицы ресурсов и использования товаров и услуг Российской Федерации},
	year = {2019},
	howpublished = {\url{https://rosstat.gov.ru/storage/mediabank/tri-2019.xlsx}},
	note = {Актуально на 20.11.2022}
}

@misc{RegionStat,
      title = {Регионы России. Социально-экономические показатели},
      year = {2021},
      howpublished = {\url{https://gks.ru/bgd/regl/b21\_14p/Main.htm}},
      note = {Актуально на 29.11.2022}
}

@misc{OKPD,
	title = {Общероссийские экономические классификаторы, закрепленные за минэкономразвития России},
	howpublished = {\url{https://www.economy.gov.ru/material/departments/d18/obshcherossiyskie\_klassifikatory\_zakreplennye\_za\_minekonomrazvitiya\_rossii/}},
      year = {2021},
      note = {Актуально на 29.11.2022}
}