@article{NoisyFBM,
	title = {Testing of fractional {Brownian} motion in a noisy environment},
	author = {Micha≈Ç Balcerek and Krzysztof Burnecki},
	journal = {Chaos, Solitons & Fractals},
	volume = {140},
	number = {110097},
	year = {2020},
	publisher = {Elsevier}
}

@article{Hybrid,
  title={Fast {Hybrid} {Schemes} for {Fractional} {Riccati} {Equations} ({Rough} {Is} {Not} {So} {Tough})},
  author={Giorgia Callegaro and Martino Grasselli and Gilles Pag{\`e}s},
  journal={Math. Oper. Res.},
  year={2021},
  volume={46},
  pages={221-254}
}

@misc{FactArtefact,
	title = {Rough volatility: fact or artefact?},
	author = {Cont, Rama and Das, Purba},
	doi = {10.48550/ARXIV.2203.13820},
	howpublished = {\url{https://arxiv.org/abs/2203.13820}},
	publisher = {arXiv},
	year = {2022}
}

@misc{Quadratic,
	doi = {10.48550/ARXIV.1907.06151},
	howpublished = {\url{https://arxiv.org/abs/1907.06151}},
	author = {Dandapani, Aditi and Jusselin, Paul and Rosenbaum, Mathieu},
	title = {From quadratic {Hawkes} processes to super-{Heston} rough volatility models with {Zumbach} effect},
	publisher = {arXiv},
	year = {2019}
}

@article{CharF,
  title={The characteristic function of rough {Heston} models},
  author={Omar El Euch and Mathieu Rosenbaum},
  journal={Mathematical Finance},
  year={2016},
  volume={29},
  pages={3 - 38}
}

@misc{IsRough,
	doi = {10.48550/ARXIV.1905.04852},
	howpublished = {\url{https://arxiv.org/abs/1905.04852}},
	author = {Fukasawa, Masaaki and Takabatake, Tetsuya and Westphal, Rebecca},
	title = {Is {Volatility} {Rough}?},
	publisher = {arXiv},
	year = {2019}
}

@article{rSABR,
  title={A {Rough} {S}{A}{B}{R} {Formula}},
  author={Masaaki Fukasawa and Jim Gatheral},
  journal={ERN: Other Econometrics: Econometric \& Statistical Methods (Topic)},
  year={2021}
}

@article{VolIsRough,
  title={Volatility is rough},
  author={Jim Gatheral and Thibault Jaisson and Mathieu Rosenbaum},
  journal={Quantitative Finance},
  year={2014},
  volume={18},
  pages={933 - 949}
}

@article{Mandelbrot,
  title={How {Long} {Is} the {Coast} of {Britain}? {Statistical} {Self}-{Similarity} and {Fractional} {Dimension}},
  author={Benoit B. Mandelbrot},
  journal={Science},
  year={1967},
  volume={156},
  pages={636 - 638}
}

@article{Rojers,
	title = {Things we think we know},
	author = {L.C.G. Rogers},
	journal = {Preprint},
	year = {2019}
}

@inproceedings{Shiryaev,
  title={Essentials of Stochastic Finance: Facts, Models, Theory},
  author={Albert N. Shiryaev},
  year={1999}
}
